

% === Você já tinha estas (mantidas) ===
@book{russell2010artificial,
  title     = {Artificial Intelligence: A Modern Approach},
  author    = {Russell, Stuart J. and Norvig, Peter},
  year      = {2010},
  edition   = {3},
  publisher = {Prentice Hall}
}

@book{luger2009artificial,
  title     = {Artificial Intelligence: Structures and Strategies for Complex Problem Solving},
  author    = {Luger, George F.},
  year      = {2009},
  edition   = {6},
  publisher = {Pearson}
}

@article{korf1985,
  title     = {Depth-first iterative-deepening: An optimal admissible tree search},
  author    = {Korf, Richard E.},
  journal   = {Artificial Intelligence},
  volume    = {27},
  number    = {1},
  pages     = {97--109},
  year      = {1985},
  publisher = {Elsevier}
}

% === AIMA versão do plano (use se preferir a edição PT-BR) ===
@book{russell2004ia,
  title     = {Intelig{\^e}ncia Artificial},
  author    = {Russell, Stuart J. and Norvig, Peter},
  year      = {2004},
  publisher = {Campus-Elsevier},
  address   = {Rio de Janeiro}
}

% === Luger (versão do plano) ===
@book{luger2008structures,
  title     = {Artificial Intelligence: Structures and Strategies for Complex Problem Solving},
  author    = {Luger, George F.},
  year      = {2008},
  publisher = {Addison-Wesley}
}

% === Nilsson (básica do plano) ===
@book{nilsson1998,
  title     = {Artificial Intelligence: A New Synthesis},
  author    = {Nilsson, Nils J.},
  year      = {1998},
  publisher = {Morgan Kaufmann},
  address   = {San Francisco}
}

% === Ertel (básica do plano) ===
@book{ertel2017,
  title     = {Introduction to Artificial Intelligence},
  author    = {Ertel, Wolfgang},
  year      = {2017},
  edition   = {2},
  publisher = {Springer},
  address   = {Cham}
}

% === Complementar (plano) ===
@book{haykin2004redes,
  title     = {Redes neurais: princ{\'\i}pios e pr{\'a}tica},
  author    = {Haykin, Simon},
  year      = {2004},
  edition   = {2},
  publisher = {Bookman},
  address   = {Porto Alegre}
}

@book{mitchell1996ga,
  title     = {An Introduction to Genetic Algorithms},
  author    = {Mitchell, Melanie},
  year      = {1996},
  publisher = {MIT Press},
  address   = {Cambridge, MA}
}

@book{rich1983ai,
  title     = {Artificial Intelligence},
  author    = {Rich, Elaine},
  year      = {1983},
  publisher = {McGraw-Hill},
  address   = {New York}
}

@book{igual2017ids,
  title     = {Introduction to Data Science: A Python Approach to Concepts, Techniques and Applications},
  author    = {Igual, Laura and Segui, Santi},
  year      = {2017},
  publisher = {Springer},
  address   = {Cham},
  doi       = {10.1007/978-3-319-50017-1}
}

@book{skansi2018dl,
  title     = {Introduction to Deep Learning: From Logical Calculus to Artificial Intelligence},
  author    = {Skansi, Sandro},
  year      = {2018},
  publisher = {Springer},
  address   = {Cham},
  doi       = {10.1007/978-3-319-73004-2}
}

@phdthesis{weinert2010ontologias,
  title   = {Ontologias e t{\'e}cnicas de intelig{\^e}ncia artificial aplicadas ao diagn{\'o}stico em fisioterapia neuropedi{\'a}trica},
  author  = {Weinert, L. V. C.},
  school  = {Universidade Tecnol{\'o}gica Federal do Paran{\'a} (UTFPR)},
  year    = {2010},
  address = {Curitiba},
  note    = {Dispon{\'\i}vel em: reposit{\'o}rio UTFPR}
}

@phdthesis{barreto2016artelligent,
  title   = {Artelligent: arte, intelig{\^e}ncia artificial e criatividade computacional},
  author  = {Barreto, Felipe Portela},
  school  = {Universidade de Bras{\'\i}lia (UnB)},
  year    = {2016},
  address = {Bras{\'\i}lia},
  note    = {Tese de Doutorado}
}
